<?xml version="1.0" encoding="UTF-8"?><collection xmlns="http://www.loc.gov/MARC21/slim"><record><leader>00523nam--2200193-i-4500</leader><controlfield tag="001">000013024</controlfield><controlfield tag="002">20161230</controlfield><controlfield tag="005">20161230201030</controlfield><controlfield tag="008">060222s1000------------r-----000-0-eng-d</controlfield><datafield ind1=" " ind2=" " tag="020"><subfield code="a">0879332654</subfield></datafield><datafield ind1=" " ind2=" " tag="040"><subfield code="a">IFIN-HH</subfield></datafield><datafield ind1=" " ind2=" " tag="080"><subfield code="a">551.4</subfield></datafield><datafield ind1="1" ind2=" " tag="100"><subfield code="a">Tyler, John E</subfield></datafield><datafield ind1="1" ind2="0" tag="245"><subfield code="a">Light in the sea</subfield><subfield code="c">JIHN E. TYLER (Ed.)</subfield></datafield><datafield ind1=" " ind2=" " tag="260"><subfield code="a">Stroudsburg, Pennsylvania</subfield><subfield code="b">Dowden, Hutchingon &amp; Ross, Inc</subfield><subfield code="c">1977</subfield></datafield><datafield ind1=" " ind2=" " tag="300"><subfield code="a">384p</subfield></datafield><datafield ind1=" " ind2=" " tag="490"><subfield code="a">Benchmark Papers In Optics</subfield><subfield code="v">vol. 3</subfield></datafield><datafield ind1=" " ind2=" " tag="852"><subfield code="a">47029</subfield><subfield code="c">535</subfield></datafield><datafield ind1=" " ind2=" " tag="CAT"><subfield code="a">Sys</subfield><subfield code="c">20101123</subfield><subfield code="h">124317</subfield></datafield></record></collection>